@misc{ enwiki:1178208071,
    author = "{Wikipedia contributors}",
    title = "Dry matter --- {Wikipedia}{,} The Free Encyclopedia",
    year = "2023",
    url = "https://en.wikipedia.org/w/index.php?title=Dry_matter&oldid=1178208071",
    note = "[Online; accessed 26-December-2023]"
  }
  
  
@online{knuthwebsite,
    author = "Donald Knuth",
    title = "Knuth: Computers and Typesetting",
    url  = "http://www-cs-faculty.stanford.edu/~uno/abcde.html",
    addendum = "(accessed: 01.09.2016)",
    keywords = "latex,knuth"
}

@book{latex2e,
  author = "De Blas C., Mateos G. G. ",
  year = {2010},
  title = {Feed Formulation for Poultry and Other Livestock.},
}

@book{latex2e,
  author = "De Blas C., Mateos G. G. ",
  year = {2010},
  title = {Feed Formulation for Poultry and Other Livestock.
This text covers the formulation of poultry diets, including the role of fats and the need
for antioxidants in maintaining feed quality.},
}

@book{latex2e,
  author = "Emmert J. L., Baker D. H. ",
  year = {1997},
  title = {"Use of crystalline amino acids in poultry diets: A
review." Journal of Applied Poultry Research, 6(4), 471-480. This review discusses the
use of synthetic amino acids like methionine and lysine in poultry diets and their benefits
in balanced feed formulation.},
}